<record><leader>00000cas a22000007a 4500</leader><controlfield tag="001">11165739</controlfield><controlfield tag="008">840918c19789999wiuwr ne      0   a0eng d</controlfield><controlfield tag="009">467</controlfield><datafield ind1=" " ind2=" " tag="010"><subfield code="a">sn 84006994 </subfield></datafield><datafield ind1=" " ind2=" " tag="040"><subfield code="a">NSD</subfield><subfield code="b">eng</subfield><subfield code="c">NSD</subfield><subfield code="d">NPV</subfield><subfield code="d">OCL</subfield><subfield code="d">OCLCQ</subfield></datafield><datafield ind1=" " ind2=" " tag="012"><subfield code="l">1</subfield><subfield code="m">1</subfield></datafield><datafield ind1=" " ind2=" " tag="019"><subfield code="a">12338397</subfield></datafield><datafield ind1="1" ind2=" " tag="022"><subfield code="a">0749-6990</subfield><subfield code="l">0749-6990</subfield><subfield code="2">1</subfield></datafield><datafield ind1="1" ind2=" " tag="029"><subfield code="a">AU@</subfield><subfield code="b">000025805568</subfield></datafield><datafield ind1=" " ind2=" " tag="032"><subfield code="a">594090</subfield><subfield code="b">USPS</subfield></datafield><datafield ind1=" " ind2=" " tag="037"><subfield code="b">Zimmermann &amp; Sons, Inc., 1113 Main St., Union Grove, WI 53182</subfield></datafield><datafield ind1=" " ind2=" " tag="042"><subfield code="a">nsdp</subfield></datafield><datafield ind1=" " ind2=" " tag="045"><subfield code="a">x7--</subfield></datafield><datafield ind1=" " ind2=" " tag="052"><subfield code="a">4123</subfield><subfield code="b">R2</subfield></datafield><datafield ind1=" " ind2="0" tag="222"><subfield code="a">Westine report</subfield></datafield><datafield ind1="0" ind2="0" tag="245"><subfield code="a">Westine report.</subfield></datafield><datafield ind1=" " ind2=" " tag="260"><subfield code="a">Union Grove, Wis. :</subfield><subfield code="b">[Zimmerman &amp; Sons],</subfield><subfield code="c">1978-</subfield></datafield><datafield ind1=" " ind2=" " tag="310"><subfield code="a">Weekly</subfield></datafield><datafield ind1="0" ind2=" " tag="362"><subfield code="a">Jan. 5, 1978-</subfield></datafield><datafield ind1=" " ind2=" " tag="500"><subfield code="a">"Serving the Union Grove and Kansasville areas."</subfield></datafield><datafield ind1=" " ind2=" " tag="530"><subfield code="a">Available on mircofilm from The State Historical Society of Wisconsin.</subfield></datafield><datafield ind1=" " ind2=" " tag="500"><subfield code="a">Editor: R. Calek, Jan. 5, 1978-</subfield></datafield><datafield ind1=" " ind2=" " tag="752"><subfield code="a">United States</subfield><subfield code="b">Wisconsin</subfield><subfield code="c">Racine</subfield><subfield code="d">Union Grove.</subfield></datafield><datafield ind1=" " ind2=" " tag="752"><subfield code="a">United States</subfield><subfield code="b">Wisconsin</subfield><subfield code="c">Racine</subfield><subfield code="d">Kansasville.</subfield></datafield><datafield ind1="0" ind2="0" tag="780"><subfield code="t">Westine and NDC report</subfield><subfield code="w">(DLC)sn 85040893</subfield></datafield></record>